<?xml version="1.0" encoding="UTF-8"?><collection xmlns="http://www.loc.gov/MARC21/slim"><record><leader>00378nam--2200121-i-4500</leader><controlfield tag="001">000041122</controlfield><controlfield tag="002">20161230</controlfield><controlfield tag="005">20161230201043</controlfield><controlfield tag="008">060222s1000------------r-----000-0-eng-d</controlfield><datafield ind1=" " ind2=" " tag="245"><subfield code="a">Semiconductor electronics education committes books. vol.7:handbook of basic transistor circuits and measurements</subfield></datafield><datafield ind1=" " ind2=" " tag="260"><subfield code="a">New York, John Wiley &amp; Sons Inc</subfield></datafield><datafield ind1=" " ind2=" " tag="700"><subfield code="a">R.D.Thornton</subfield></datafield><datafield ind1=" " ind2=" " tag="852"><subfield code="a">22084</subfield></datafield></record></collection>